@misc{cit:1,
	title = {LALU LINTAS DAN ANGKUTAN JALAN NOMOR 22 TAHUN 2009 },
	note = {Terakhir diakses pada tanggal 30 Oktober 2019},
	url = {http://knkt.dephub.go.id/knkt/ntsc_home/Media_Release/Media Release KNKT 2016/Media Release 2016 - IK LLAJ 20161130.pdf},
}

@article{cit:2,
  title={Sleepiness in long distance truck driving: an ambulatory EEG study of night driving},
  author={Kecklund, G{\"o}ran and {\AA}kerstedt, Torbj{\"o}rn},
  journal={Ergonomics},
  volume={36},
  number={9},
  pages={1007--1017},
  year={1993},
  publisher={Taylor \& Francis}
}

@incollection{cit:3,
  title={Karolinska sleepiness scale (KSS)},
  author={Shahid, Azmeh and Wilkinson, Kate and Marcu, Shai and Shapiro, Colin M},
  booktitle={STOP, THAT and One Hundred Other Sleep Scales},
  pages={209--210},
  year={2011},
  publisher={Springer}
}

@article{cit:4,
  title={Controlled inducement and measurement of drowsiness in a driving simulator},
  author={De Rosario, Helios and Solaz, Jose S and Rodr{\i}guez, N and Bergasa, Luis M},
  journal={IET intelligent transport systems},
  volume={4},
  number={4},
  pages={280--288},
  year={2010},
  publisher={IET}
}

@article{cit:5,
  title={Subjective and objective sleepiness in the active individual},
  author={{\AA}kerstedt, Torbj{\"o}rn and Gillberg, Mats},
  journal={International Journal of Neuroscience},
  volume={52},
  number={1-2},
  pages={29--37},
  year={1990},
  publisher={Taylor \& Francis}
}

@article{cit:6,
  title={Validation of the Karolinska sleepiness scale against performance and EEG variables},
  author={Kaida, Kosuke and Takahashi, Masaya and {\AA}kerstedt, Torbj{\"o}rn and Nakata, Akinori and Otsuka, Yasumasa and Haratani, Takashi and Fukasawa, Kenji},
  journal={Clinical Neurophysiology},
  volume={117},
  number={7},
  pages={1574--1581},
  year={2006},
  publisher={Elsevier}
}

@article{cit:7,
  title={Subjective sleepiness, simulated driving performance and blink duration: examining individual differences},
  author={Ingre, Michael and {\AA}kerstedt, Torbj{\"o}rn and Peters, Bj{\"o}rn and Anund, Anna and Kecklund, G{\"o}ran},
  journal={Journal of sleep research},
  volume={15},
  number={1},
  pages={47--53},
  year={2006},
  publisher={Wiley Online Library}
}

@article{cit:8,
  title={Perception-response time to unexpected roadway hazards},
  author={Olson, Paul L and Sivak, Michael},
  journal={Human factors},
  volume={28},
  number={1},
  pages={91--96},
  year={1986},
  publisher={SAGE Publications Sage CA: Los Angeles, CA}
}

@misc{ cit:9,
    author = "{Wikipedia contributors}",
    title = "Bézier curve --- {Wikipedia}{,} The Free Encyclopedia",
    year = "2020",
    url = "https://en.wikipedia.org/w/index.php?title=B%C3%A9zier_curve&oldid=950670061",
    note = "[Online; accessed 
29-April-2020

]"
  }

@misc{ cit:10,
    author = "{Wikipedia contributors}",
    title = "Computer graphics --- {Wikipedia}{,} The Free Encyclopedia",
    year = "2020",
    url = "https://en.wikipedia.org/w/index.php?title=Computer_graphics&oldid=953741108",
    note = "[Online; accessed 
29-April-2020

]"
  }
  
@misc{ cit:11,
    author = "{Wikipedia contributors}",
    title = "Driving simulator --- {Wikipedia}{,} The Free Encyclopedia",
    year = "2020",
    url = "https://en.wikipedia.org/w/index.php?title=Driving_simulator&oldid=951240475",
    note = "[Online; accessed 
29-April-2020

]"
  }  

@misc{ cit:12,
    author = "{Wikipedia contributors}",
    title = "Microcontroller --- {Wikipedia}{,} The Free Encyclopedia",
    year = "2020",
    url = "https://en.wikipedia.org/w/index.php?title=Microcontroller&oldid=953658395",
    note = "[Online; accessed 
29-April-2020

]"
  }
  
@misc{ cit:13,
    author = "{Edy}",
    title = "Vehicle Physics Pro - Community Edition --- {Unity Asset Store}",
    year = "2020",
    url = "https://assetstore.unity.com/packages/tools/physics/vehicle-physics-pro-community-edition-153556",
    note = "[Online; accessed 5-May-2020]"
  }
  
@misc{ cit:14,
    author = "{Wikipedia contributors}",
    title = "Shanghai International Circuit --- {Wikipedia}{,} The Free Encyclopedia",
    year = "2020",
    url = "https://en.wikipedia.org/w/index.php?title=Shanghai_International_Circuit&oldid=937709502",
    note = "[Online; accessed 6-May-2020]"
  }
  
@misc{ cit:15,
    author = "{Wikipedia contributors}",
    title = "6 degrees of freedom",
    year = "2020",
    url = "https://simple.m.wikipedia.org/wiki/File:6DOF_en.jpg",
    note = "[Online; accessed 6-May-2020]"
  }
  
@misc{ cit:16,
    author = "{Sebastian Lague}",
    title = "Bézier Path Creator",
    year = "2020",
    url = "https://assetstore.unity.com/packages/tools/utilities/b-zier-path-creator-136082",
    note = "[Online; accessed 11-July-2020]"
  }  